<record><leader>00000cas a22000007a 4500</leader><controlfield tag="001">12240638</controlfield><controlfield tag="008">850708d19531953aluwr ne      0    0eng d</controlfield><datafield ind1=" " ind2=" " tag="010"><subfield code="a">sn 85044735 </subfield></datafield><datafield ind1=" " ind2=" " tag="040"><subfield code="a">CPN</subfield><subfield code="b">eng</subfield><subfield code="c">CPN</subfield><subfield code="d">OCLCQ</subfield></datafield><datafield ind1=" " ind2=" " tag="042"><subfield code="a">msc</subfield></datafield><datafield ind1="0" ind2="4" tag="245"><subfield code="a">The Franklin citizen.</subfield></datafield><datafield ind1=" " ind2=" " tag="260"><subfield code="a">Russellville, Ala. :</subfield><subfield code="b">Claude E. Sparks &amp; Arthur F. Slater,</subfield><subfield code="c">1953-1953.</subfield></datafield><datafield ind1=" " ind2=" " tag="300"><subfield code="a">v. :</subfield><subfield code="b">ill. ;</subfield><subfield code="c">56 cm.</subfield></datafield><datafield ind1=" " ind2=" " tag="310"><subfield code="a">Weekly</subfield></datafield><datafield ind1="0" ind2=" " tag="362"><subfield code="a">Vol. 1, no. 1 (Aug. 26, 1953)-v. 1, no. 6 (Sept. 30, 1953).</subfield></datafield><datafield ind1=" " ind2=" " tag="752"><subfield code="a">United States</subfield><subfield code="b">Alabama</subfield><subfield code="c">Franklin</subfield><subfield code="d">Russellville.</subfield></datafield><datafield ind1="0" ind2="7" tag="785"><subfield code="t">Franklin county times (Russellville, Ala. : 1914)</subfield><subfield code="w">(DLC)sn 86050241</subfield></datafield><datafield ind1="0" ind2="7" tag="785"><subfield code="t">Franklin citizen-times</subfield><subfield code="w">(DLC)sn 86050242</subfield></datafield></record>